@Book{MPC-diehl,
  ALTauthor =   {James B. Rawlings and David Q. Mayne and Moritz M. Diehl},
  title =       {Model Predictive Control: Theory, Computation, and Design},
  publisher =   {},
  year =        {2022},
  edition =     {2nd edition},
  note =        {Available at \url{https://sites.engineering.ucsb.edu/~jbraw/mpc/}}
}

@Book{decision-making-kochenderfer,
  ALTauthor =   {Mykel J. Kochenderfer and Tim A. Wheeler and Kyle H. Wray},
  title =       {Algorithms for Decision Making},
  publisher =   {MIT Press},
  year =        {2022},
  edition =     {1st edition},
  note =        {Available at \url{https://algorithmsbook.com/}}
}

@Book{reinforcement-learning-sutton-barto,
  ALTauthor =   {Richard S. Sutton and Andrew G. Barto},
  title =       {Reinforcement Learning, An Introduction},
  publisher =   {MIT Press},
  year =        {2020},
  edition =     {2nd edition},
  note =        {Available at \url{http://incompleteideas.net/book/RLbook2020.pdf}}
}
